<?xml version="1.0" encoding="UTF-8"?><collection xmlns="http://www.loc.gov/MARC21/slim"><record><leader>00323nam--2200121-i-4500</leader><controlfield tag="001">000029047</controlfield><controlfield tag="002">20161230</controlfield><controlfield tag="005">20161230201037</controlfield><controlfield tag="008">060222s1000------------r-----000-0-eng-d</controlfield><datafield ind1=" " ind2=" " tag="100"><subfield code="a">Levi, S.M., Zelikman, V.L</subfield></datafield><datafield ind1=" " ind2=" " tag="245"><subfield code="a">Making and coating photographic emulsions</subfield></datafield><datafield ind1=" " ind2=" " tag="260"><subfield code="a">London, The Focal Press, 1964, 312p</subfield></datafield><datafield ind1=" " ind2=" " tag="852"><subfield code="a">20875</subfield></datafield></record></collection>